@article{chalmers1995,
  author = {Chalmers, David J.},
  title = {Facing up to the problem of consciousness},
  journal = {Journal of Consciousness Studies},
  volume = {2},
  number = {3},
  pages = {200--219},
  year = {1995}
}

@article{koch2016,
  author = {Koch, Christof and Massimini, Marcello and Boly, Melanie and Tononi, Giulio},
  title = {Neural correlates of consciousness: progress and problems},
  journal = {Nature Reviews Neuroscience},
  volume = {17},
  number = {5},
  pages = {307--321},
  year = {2016}
}

@article{dehaene2011,
  author = {Dehaene, Stanislas and Changeux, Jean-Pierre},
  title = {Experimental and theoretical approaches to conscious processing},
  journal = {Neuron},
  volume = {70},
  number = {2},
  pages = {200--227},
  year = {2011}
}

@article{rizzolatti1996,
  author = {Rizzolatti, Giacomo and Fadiga, Luciano and Gallese, Vittorio and Fogassi, Leonardo},
  title = {Premotor cortex and the recognition of motor actions},
  journal = {Cognitive Brain Research},
  volume = {3},
  number = {2},
  pages = {131--141},
  year = {1996}
}

@article{mukamel2010,
  author = {Mukamel, Roy and Ekstrom, Arne D. and Kaplan, Jonas and Iacoboni, Marco and Fried, Itzhak},
  title = {Single-neuron responses in humans during execution and observation of actions},
  journal = {Current Biology},
  volume = {20},
  number = {8},
  pages = {750--756},
  year = {2010}
}

@article{stephens2010,
  author = {Stephens, Greg J. and Silbert, Lauren J. and Hasson, Uri},
  title = {Speaker-listener neural coupling underlies successful communication},
  journal = {Proceedings of the National Academy of Sciences},
  volume = {107},
  number = {32},
  pages = {14425--14430},
  year = {2010}
}

@article{dikker2017,
  author = {Dikker, Suzanne and Wan, Lu and Davidesco, Ido and Kaggen, Lisa and Oostrik, Matthias and McClintock, James and others},
  title = {Brain-to-brain synchrony tracks real-world dynamic group interactions in the classroom},
  journal = {Current Biology},
  volume = {27},
  number = {9},
  pages = {1375--1380},
  year = {2017}
}

@article{schreiber2000,
  author = {Schreiber, Thomas},
  title = {Measuring information transfer},
  journal = {Physical Review Letters},
  volume = {85},
  number = {2},
  pages = {461--464},
  year = {2000}
}

@article{tononi2016,
  author = {Tononi, Giulio and Boly, Melanie and Massimini, Marcello and Koch, Christof},
  title = {Integrated information theory: from consciousness to its physical substrate},
  journal = {Nature Reviews Neuroscience},
  volume = {17},
  number = {7},
  pages = {450--461},
  year = {2016}
}

@article{killick2012,
  author = {Killick, Rebecca and Fearnhead, Paul and Eckley, Idris A.},
  title = {Optimal detection of changepoints with a linear computational cost},
  journal = {Journal of the American Statistical Association},
  volume = {107},
  number = {500},
  pages = {1590--1598},
  year = {2012}
}
